<record><leader>00000cas a22000007a 4500</leader><controlfield tag="001">10776169</controlfield><controlfield tag="008">840525d186518uunyudn ne      0    0eng d</controlfield><datafield ind1=" " ind2=" " tag="010"><subfield code="a">sn 84031268 </subfield></datafield><datafield ind1=" " ind2=" " tag="040"><subfield code="a">NYG</subfield><subfield code="b">eng</subfield><subfield code="c">NYG</subfield><subfield code="d">NPX</subfield><subfield code="d">NYS</subfield><subfield code="d">OCLCQ</subfield></datafield><datafield ind1=" " ind2=" " tag="042"><subfield code="a">msc</subfield></datafield><datafield ind1="0" ind2=" " tag="130"><subfield code="a">Lockport daily union (Lockport, N.Y. : 1865)</subfield></datafield><datafield ind1="1" ind2="4" tag="245"><subfield code="a">The Lockport daily union.</subfield></datafield><datafield ind1=" " ind2=" " tag="260"><subfield code="a">Lockport [N.Y.] :</subfield><subfield code="b">John A. Wolcott &amp; Co.</subfield></datafield><datafield ind1=" " ind2=" " tag="300"><subfield code="a">v. :</subfield><subfield code="b">ill.</subfield></datafield><datafield ind1=" " ind2=" " tag="310"><subfield code="a">Daily (except Sunday)</subfield></datafield><datafield ind1=" " ind2=" " tag="500"><subfield code="a">Publishers: John A. Wolcott &amp; Co., &lt;1865-1866&gt;; R.M. Skeels &amp; Co., &lt;1873-1874&gt;; Union Print. and Pub. Co., &lt;1876&gt;.</subfield></datafield><datafield ind1=" " ind2=" " tag="500"><subfield code="a">Editor: R. Chamberlain, &lt;1866&gt;.</subfield></datafield><datafield ind1=" " ind2=" " tag="500"><subfield code="a">Democratic. Cf. Rowell, 1869.</subfield></datafield><datafield ind1=" " ind2=" " tag="515"><subfield code="a">Issues for &lt;Jan. 3, 1866-Feb. 3, 1876&gt; numbered: &lt;Vol. 5, no. 324-v. 15, no. 274&gt;.</subfield></datafield><datafield ind1=" " ind2=" " tag="580"><subfield code="a">Weekly ed.: Niagara Democrat (Lockport, N.Y. : 1865).</subfield></datafield><datafield ind1=" " ind2=" " tag="588"><subfield code="a">Description based on: New ser., vol. 1, no. 267 (Oct. 13, 1865).</subfield></datafield><datafield ind1=" " ind2="4" tag="651"><subfield code="a">Lockport (N.Y.)</subfield><subfield code="v">Newspapers.</subfield></datafield><datafield ind1=" " ind2=" " tag="752"><subfield code="a">United States</subfield><subfield code="b">New York</subfield><subfield code="c">Niagara</subfield><subfield code="d">Lockport.</subfield></datafield><datafield ind1="1" ind2=" " tag="775"><subfield code="t">Niagara Democrat (Lockport, N.Y. : 1865)</subfield><subfield code="w">(DLC)sn 83031432</subfield></datafield><datafield ind1="0" ind2="0" tag="780"><subfield code="t">Lockport daily bee and union</subfield><subfield code="w">(DLC)sn 94057592</subfield></datafield><datafield ind1="0" ind2="0" tag="785"><subfield code="t">Lockport union</subfield><subfield code="w">(DLC)sn 84031269</subfield></datafield><datafield ind1="1" ind2=" " tag="029"><subfield code="a">AU@</subfield><subfield code="b">000024687445</subfield></datafield></record>